@article{arc_BP,
    author  = "Yongju Bae and Chan Young Park",
    title   = "An upper bound of arc index of links",
    year    = "2000",
    journal = "Mathematical Proccedings of the Cambridge Philosophical Society",
    volume  = "129",
    number  = "3",
    pages   = "491--500"
}

@article{arc_kauffman,
    author  = "Hugh R. Morton and Elisabetta Beltrami",
    title   = "Arc index and the Kauffman polynomial",
    year    = "1998",
    journal = "Mathematical Proceedings of the Cambridge Philosophical Society",
    volume  = "123",
    number  = "1",
    pages   = "41--48"
}

@article{arc_pretzel,
    author  = "Hwa Jeong Lee and Gyo Taek Jin",
    title   = "Arc index of pretzel knots of type $(-p,q,r)$",
    year    = "2014",
    journal = "Proceedings of the American Mathematical Society Series B",
    volume  = "1",
    pages   = "135-147"
}

@article{theta_7,
    author  = "Hiromasa Moriuchi",
    title   = "An Enumeration of Theta-Curves with up to Seven Crossings",
    year    = "2007",
    journal = "Journal of Knot Theory and Its Ramifications",
    volume  = "18",
    number  = "2",
    pages   = "167--197"
}

@article{openbook1_Cromwell,
    author  = "Peter R. Cromwell",
    title   = "Embedding knots and links in an open book {I}:{B}asic Properties",
    year    = "1995",
    journal = "Topology and its Applications",
    volume  = "64",
    pages   = "37--58"
}

@article{openbook2_Cromwell,
    author  = "Peter R. Cromwell and Ian J. Nutt",
    title   = "Embedding knots and links in an open book {II}:{B}ounds on arc index",
    year    = "1996",
    journal = "Mathematical Proceedings of the Cambridge Philosophical Society",
    volume  = "119",
    number  = "2",
    pages   = "309--319"
}

@article{arc_Cromwell,
    author  = "Peter R. Cromwell",
    title   = "Arc Presentation of Knots and links",
    year    = "1998",
    journal = "BANACH CENTER PUBLICATIONS",
    volume  = "42",
    pages   = "57--64"
}

@article{theta_protein,
    author  = "Pawel Dabrowski-Tumanski and Dimos Goundaroulis and Andrzej Stasiak and Joanna I. Sulkowska",
    title   = "$\theta$-curves in proteins",
    year    = "2024",
    journal = "Protein Science",
    volume  = "33",
    number  = "9",
}

@article{arc_spacial,
    author  = "Min Jung Lee and Sungjong No and Seungsang Oh",
    title   = "Arc index of spatial graphs",
    year    = "2019",
    journal = "Journal of Graph Theory",
    volume  = "90",
    number  = "3",
}

@misc{arc_1313,
      title={Minimal grid diagrams of the prime knots with crossing number 13 and arc index 13}, 
      author={Hwa Jeong Lee and Yoonsang Lee and Chanmin Lee and Yeseo Park and Hun Kim and Gyo Taek Jin},
      year={2024},
      eprint={2402.02717},
      archivePrefix={arXiv},
      primaryClass={math.GT},
      url={https://arxiv.org/abs/2402.02717}, 
}

@inbook{kinoshita,
author = {Keith Wolcott},
year = {1986},
pages = {325-346},
title ={Geometry and topology: manifolds, varieties, and knots},
chapter = {The Knotting of Theta Curves and Other Graphs in $S^3$},
publisher = {CRC Press},
isbn = {9781003072386}
}

@article{brunnian_theta,
    author  = "Byoungwook Jang and Anna Kronaeur and Pratap Luitel and
Daniel Medici and Scott A. Taylor and Alexander Zupan",
    title   = "New examples of Brunnian theta graphs",
    year    = "2016",
    journal = "Involve a Journal of Mathematics",
    volume  = "9",
    number  = "5",
}

@article{yamada,
    author  = "S. Yamada",
    title   = "An invariant of spatial graphs",
    year    = "1989",
    journal = "J. Graph Theory",
    volume  = "13",
    number  = "5",
    pages = {537--551},
}
